<?xml version="1.0" encoding="UTF-8" ?><marc:collection xmlns:marc="http://www.loc.gov/MARC21/slim" xmlns:xsi="http://www.w3.org/2001/XMLSchema-instance" xsi:schemaLocation="http://www.loc.gov/MARC21/slim http://www.loc.gov/standards/marcxml/schema/MARC21slim.xsd">
<marc:record><marc:leader>02120cam a2200409Ii 4500</marc:leader>
<marc:controlfield tag="001">b13180514</marc:controlfield>
<marc:controlfield tag="003">UaCaAUL</marc:controlfield><marc:controlfield tag="005">20181230012201.0</marc:controlfield><marc:controlfield tag="008">181230s1951    ua            000 0 ara d</marc:controlfield><marc:datafield tag="035" ind1=" " ind2=" "><marc:subfield code="a">(OCoLC)1080451945</marc:subfield></marc:datafield><marc:datafield tag="040" ind1=" " ind2=" "><marc:subfield code="a">MEAUC</marc:subfield><marc:subfield code="b">eng</marc:subfield><marc:subfield code="e">rda</marc:subfield><marc:subfield code="c">MEAUC</marc:subfield><marc:subfield code="d">MEAUC</marc:subfield></marc:datafield><marc:datafield tag="043" ind1=" " ind2=" "><marc:subfield code="a">f-ua---</marc:subfield></marc:datafield><marc:datafield tag="049" ind1=" " ind2=" "><marc:subfield code="a">MAIN</marc:subfield></marc:datafield><marc:datafield tag="050" ind1=" " ind2="4"><marc:subfield code="a">KRM1264</marc:subfield><marc:subfield code="b">.T37 1951</marc:subfield></marc:datafield><marc:datafield tag="066" ind1=" " ind2=" "><marc:subfield code="c">(3</marc:subfield></marc:datafield><marc:datafield tag="090" ind1=" " ind2=" "><marc:subfield code="a">KRM1264</marc:subfield><marc:subfield code="b">.T37 1951</marc:subfield></marc:datafield><marc:datafield tag="245" ind1="0" ind2="0"><marc:subfield code="6">880-01</marc:subfield><marc:subfield code="a">Tashrīʻ al-ʻamal fī Miṣr :</marc:subfield><marc:subfield code="b">majmūʻah lil-qawānīn wa-al-qarārāt wa-al-awāmir al-ʻummālīyah /</marc:subfield><marc:subfield code="c">waḍʻ Muḥammad Ḥanafī, al-muḥāmī bi-al-istiʼnāf al-ʻālī, mudīr maktab al-ʻamal bi-al-Iskandarīyah sābiqan.</marc:subfield></marc:datafield><marc:datafield tag="246" ind1="3" ind2="0"><marc:subfield code="6">880-02</marc:subfield><marc:subfield code="a">Majmūʻah lil-qawānīn wa-al-qarārāt wa-al-awāmir al-ʻummālīyah.</marc:subfield></marc:datafield><marc:datafield tag="250" ind1=" " ind2=" "><marc:subfield code="6">880-03</marc:subfield><marc:subfield code="a">al-Ṭabʻah al-ūlá.</marc:subfield></marc:datafield><marc:datafield tag="264" ind1=" " ind2="1"><marc:subfield code="6">880-04</marc:subfield><marc:subfield code="a">al-Iskandarīyah :</marc:subfield><marc:subfield code="b">Muḥammad Ḥanafī al-Muḥāmī,</marc:subfield><marc:subfield code="c">1951.</marc:subfield></marc:datafield><marc:datafield tag="264" ind1=" " ind2="3"><marc:subfield code="6">880-05</marc:subfield><marc:subfield code="a">al-Iskandarīyah :</marc:subfield><marc:subfield code="b">ṭubiʻ bi-Maṭbaʻat Muḥammad Khalīl bi-al-Iskandarīyah.</marc:subfield></marc:datafield><marc:datafield tag="300" ind1=" " ind2=" "><marc:subfield code="a">230 pages, 3 unnumbered pages ;</marc:subfield><marc:subfield code="c">25 cm.</marc:subfield></marc:datafield><marc:datafield tag="336" ind1=" " ind2=" "><marc:subfield code="a">text</marc:subfield><marc:subfield code="b">txt</marc:subfield><marc:subfield code="2">rdacontent.</marc:subfield></marc:datafield><marc:datafield tag="337" ind1=" " ind2=" "><marc:subfield code="a">unmediated</marc:subfield><marc:subfield code="b">n</marc:subfield><marc:subfield code="2">rdamedia.</marc:subfield></marc:datafield><marc:datafield tag="338" ind1=" " ind2=" "><marc:subfield code="a">volume</marc:subfield><marc:subfield code="b">nc</marc:subfield><marc:subfield code="2">rdacarrier.</marc:subfield></marc:datafield><marc:datafield tag="650" ind1=" " ind2="0"><marc:subfield code="a">Labor laws and legislation</marc:subfield><marc:subfield code="z">Egypt.</marc:subfield></marc:datafield><marc:datafield tag="650" ind1=" " ind2="0"><marc:subfield code="a">Labor</marc:subfield><marc:subfield code="z">Egypt.</marc:subfield></marc:datafield><marc:datafield tag="700" ind1="1" ind2=" "><marc:subfield code="a">Ḥanafī, Muḥammad.</marc:subfield></marc:datafield><marc:datafield tag="880" ind1="0" ind2="0"><marc:subfield code="6">245-01/(3/r</marc:subfield><marc:subfield code="a">تشريع العمل في مصر :‪</marc:subfield><marc:subfield code="b">مجموعة للقوانين والقرارات والأوامر العمالية /‪</marc:subfield><marc:subfield code="c">وضع محمد حنفي، المحامي بالإستئناف العالي، مدير مكتب العمل بالإسكندرية سابقا..</marc:subfield></marc:datafield><marc:datafield tag="880" ind1="3" ind2="0"><marc:subfield code="6">246-02/(3/r</marc:subfield><marc:subfield code="a">مجموعة للقوانين والقرارات والأوامر العمالية.</marc:subfield></marc:datafield><marc:datafield tag="880" ind1=" " ind2=" "><marc:subfield code="6">250-03/(3/r</marc:subfield><marc:subfield code="a">الطبعة الأولى..</marc:subfield></marc:datafield><marc:datafield tag="880" ind1=" " ind2="1"><marc:subfield code="6">264-04/(3/r</marc:subfield><marc:subfield code="a">الإسكندرية :‪</marc:subfield><marc:subfield code="b">محمد حنفي المحامي،‪</marc:subfield><marc:subfield code="c">1951.</marc:subfield></marc:datafield><marc:datafield tag="880" ind1=" " ind2="3"><marc:subfield code="6">264-05/(3/r</marc:subfield><marc:subfield code="a">الإسكندرية :‪</marc:subfield><marc:subfield code="b">طبع بمطبعة محمد خليل بالإسكندرية..</marc:subfield></marc:datafield><marc:datafield tag="907" ind1=" " ind2=" "><marc:subfield code="a">.b13180514</marc:subfield><marc:subfield code="b">main </marc:subfield></marc:datafield><marc:datafield tag="902" ind1=" " ind2=" "><marc:subfield code="a">190102</marc:subfield></marc:datafield><marc:datafield tag="998" ind1=" " ind2=" "><marc:subfield code="b">1</marc:subfield><marc:subfield code="c">070201</marc:subfield><marc:subfield code="d">m</marc:subfield><marc:subfield code="e">a</marc:subfield><marc:subfield code="f">-</marc:subfield><marc:subfield code="g">0</marc:subfield><marc:subfield code="k">TA</marc:subfield></marc:datafield><marc:datafield tag="945" ind1=" " ind2=" "><marc:subfield code="l">main </marc:subfield></marc:datafield></marc:record>
</marc:collection>
